% This file was created with Citavi 6.3.0.0

@article{Test.2019,
 author = {Test},
 year = {2019},
 title = {Hello World}
}


